@book {MR600654,
    AUTHOR = {Hungerford, Thomas W.},
     TITLE = {Algebra},
    SERIES = {Graduate Texts in Mathematics},
    VOLUME = {73},
      NOTE = {Reprint of the 1974 original},
 PUBLISHER = {Springer-Verlag, New York-Berlin},
      YEAR = {1980},
     PAGES = {xxiii+502},
      ISBN = {0-387-90518-9},
   MRCLASS = {00A05 (15-01 16-01)},
  MRNUMBER = {600654},
}

@book {MR2286236,
    AUTHOR = {Dummit, David S. and Foote, Richard M.},
     TITLE = {Abstract algebra},
   EDITION = {Third},
 PUBLISHER = {John Wiley \& Sons, Inc., Hoboken, NJ},
      YEAR = {2004},
     PAGES = {xii+932},
      ISBN = {0-471-43334-9},
   MRCLASS = {00-01 (16-01 20-01)},
  MRNUMBER = {2286236},
}

@book {MR1129886,
    AUTHOR = {Artin, Michael},
     TITLE = {Algebra},
 PUBLISHER = {Prentice Hall, Inc., Englewood Cliffs, NJ},
      YEAR = {1991},
     PAGES = {xviii+618},
      ISBN = {0-13-004763-5},
   MRCLASS = {00A05 (11-01 12-01 13-01 15-01 16-01 20-01)},
  MRNUMBER = {1129886},
MRREVIEWER = {Gerald J. Janusz},
}
	
@book {MR783636,
    AUTHOR = {Lang, Serge},
     TITLE = {Algebra},
   EDITION = {Second},
 PUBLISHER = {Addison-Wesley Publishing Company, Advanced Book Program,
              Reading, MA},
      YEAR = {1984},
     PAGES = {xv+714},
      ISBN = {0-201-05487-6},
   MRCLASS = {00A05 (13-01 15-01 16-01 20-01)},
  MRNUMBER = {783636},
}

@book {MR0450380,
    AUTHOR = {Serre, Jean-Pierre},
     TITLE = {Linear representations of finite groups},
    SERIES = {Graduate Texts in Mathematics, Vol. 42},
      NOTE = {Translated from the second French edition by Leonard L. Scott},
 PUBLISHER = {Springer-Verlag, New York-Heidelberg},
      YEAR = {1977},
     PAGES = {x+170},
      ISBN = {0-387-90190-6},
   MRCLASS = {20CXX},
  MRNUMBER = {0450380},
MRREVIEWER = {W. Feit},
}


@book {MR2867444,
    AUTHOR = {Steinberg, Benjamin},
     TITLE = {Representation theory of finite groups},
    SERIES = {Universitext},
      NOTE = {An introductory approach},
 PUBLISHER = {Springer, New York},
      YEAR = {2012},
     PAGES = {xiv+157},
      ISBN = {978-1-4614-0775-1},
   MRCLASS = {20C15 (20-01)},
  MRNUMBER = {2867444},
MRREVIEWER = {Jamshid Moori},
       DOI = {10.1007/978-1-4614-0776-8},
       URL = {https://doi.org/10.1007/978-1-4614-0776-8},
}

@article {MR314831,
    AUTHOR = {Wilson, Jack C.},
     TITLE = {A principal ideal ring that is not a {E}uclidean ring},
   JOURNAL = {Math. Mag.},
  FJOURNAL = {Mathematics Magazine},
    VOLUME = {46},
      YEAR = {1973},
     PAGES = {34--38},
      ISSN = {0025-570X},
   MRCLASS = {13F10},
  MRNUMBER = {314831},
MRREVIEWER = {Robert Gilmer},
       DOI = {10.2307/2688577},
       URL = {https://doi.org/10.2307/2688577},
}

@article {MR3665445,
    AUTHOR = {Wilson, Robert A.},
     TITLE = {101.15 {A}n elementary proof that not all principal ideal
              domains are {E}uclidean domains},
   JOURNAL = {Math. Gaz.},
  FJOURNAL = {The Mathematical Gazette},
    VOLUME = {101},
      YEAR = {2017},
    NUMBER = {551},
     PAGES = {289--293},
      ISSN = {0025-5572},
   MRCLASS = {11R11 (13G05)},
  MRNUMBER = {3665445},
       DOI = {10.1017/mag.2017.69},
       URL = {https://doi.org/10.1017/mag.2017.69},
}

@article {MR967349,
    AUTHOR = {C\'{a}mpoli, Oscar A.},
     TITLE = {A principal ideal domain that is not a {E}uclidean domain},
   JOURNAL = {Amer. Math. Monthly},
  FJOURNAL = {American Mathematical Monthly},
    VOLUME = {95},
      YEAR = {1988},
    NUMBER = {9},
     PAGES = {868--871},
      ISSN = {0002-9890},
   MRCLASS = {11R11 (13F10)},
  MRNUMBER = {967349},
MRREVIEWER = {C. Small},
       DOI = {10.2307/2322908},
       URL = {https://doi.org/10.2307/2322908},
}